<record><leader>00000cas a2200000 a 4500</leader><controlfield tag="001">9345359</controlfield><controlfield tag="008">830325d18541855mauwr ne      0    0eng c</controlfield><datafield ind1=" " ind2=" " tag="010"><subfield code="a">sn 83020426 </subfield></datafield><datafield ind1=" " ind2=" " tag="040"><subfield code="a">NPX</subfield><subfield code="b">eng</subfield><subfield code="c">NPX</subfield><subfield code="d">DLC</subfield><subfield code="d">MGN</subfield><subfield code="d">DLC</subfield><subfield code="d">OCLCQ</subfield><subfield code="d">OCLCF</subfield><subfield code="d">NDD</subfield></datafield><datafield ind1=" " ind2=" " tag="042"><subfield code="a">pcc</subfield></datafield><datafield ind1=" " ind2=" " tag="043"><subfield code="a">n-us-ma</subfield></datafield><datafield ind1="0" ind2="0" tag="050"><subfield code="a">Newspaper 8160-X</subfield></datafield><datafield ind1="0" ind2="0" tag="245"><subfield code="a">Saturday evening union and weekly family visitor.</subfield></datafield><datafield ind1="1" ind2="3" tag="246"><subfield code="a">Saturday evening union</subfield></datafield><datafield ind1=" " ind2=" " tag="260"><subfield code="a">Newburyport [Mass.] :</subfield><subfield code="b">William H. Huse,</subfield><subfield code="c">1854-1855.</subfield></datafield><datafield ind1=" " ind2=" " tag="300"><subfield code="a">2 v. ;</subfield><subfield code="c">61 cm.</subfield></datafield><datafield ind1=" " ind2=" " tag="310"><subfield code="a">Weekly</subfield></datafield><datafield ind1="0" ind2=" " tag="362"><subfield code="a">Vol. 1, no. 1 (Jan. 24, 1854)-v. 2, no. 1 (Jan. 27, 1855).</subfield></datafield><datafield ind1=" " ind2=" " tag="500"><subfield code="a">Editor: E.V. Smith.</subfield></datafield><datafield ind1=" " ind2="0" tag="651"><subfield code="a">Newburyport (Mass.)</subfield><subfield code="v">Newspapers.</subfield></datafield><datafield ind1=" " ind2="0" tag="651"><subfield code="a">Essex County (Mass.)</subfield><subfield code="v">Newspapers.</subfield></datafield><datafield ind1=" " ind2="7" tag="651"><subfield code="a">Massachusetts</subfield><subfield code="z">Essex County.</subfield><subfield code="2">fast</subfield><subfield code="0">(OCoLC)fst01205527</subfield></datafield><datafield ind1=" " ind2="7" tag="651"><subfield code="a">Massachusetts</subfield><subfield code="z">Newburyport.</subfield><subfield code="2">fast</subfield><subfield code="0">(OCoLC)fst01215824</subfield></datafield><datafield ind1=" " ind2="7" tag="655"><subfield code="a">Newspapers.</subfield><subfield code="2">fast</subfield><subfield code="0">(OCoLC)fst01423814</subfield></datafield><datafield ind1=" " ind2=" " tag="752"><subfield code="a">United States</subfield><subfield code="b">Massachusetts</subfield><subfield code="c">Essex</subfield><subfield code="d">Newburyport.</subfield></datafield><datafield ind1="0" ind2="1" tag="780"><subfield code="t">Daily evening union (Newburyport, Mass.)</subfield><subfield code="w">(DLC)sn 83020425</subfield><subfield code="w">(OCoLC)9345293</subfield></datafield><datafield ind1="0" ind2="0" tag="785"><subfield code="t">Saturday evening union and Essex north record</subfield><subfield code="w">(DLC)sn 83020427</subfield><subfield code="w">(OCoLC)9345467</subfield></datafield><datafield ind1="1" ind2=" " tag="029"><subfield code="a">AU@</subfield><subfield code="b">000020405429</subfield></datafield></record>